<record><leader>00000cas a22000007a 4500</leader><controlfield tag="001">25037861</controlfield><controlfield tag="008">920102d190u1906pauwr ne      0    0eng d</controlfield><datafield ind1=" " ind2=" " tag="010"><subfield code="a">sn 92061644 </subfield></datafield><datafield ind1=" " ind2=" " tag="040"><subfield code="a">NYS</subfield><subfield code="b">eng</subfield><subfield code="c">NYS</subfield><subfield code="d">OCLCQ</subfield></datafield><datafield ind1=" " ind2=" " tag="042"><subfield code="a">msc</subfield></datafield><datafield ind1="0" ind2=" " tag="130"><subfield code="a">Sentinel (Wattsburg, Pa.)</subfield></datafield><datafield ind1="1" ind2="4" tag="245"><subfield code="a">The sentinel.</subfield></datafield><datafield ind1=" " ind2=" " tag="260"><subfield code="a">Wattsburg, Erie Co., Pa. :</subfield><subfield code="b">Maurice Duncombe</subfield></datafield><datafield ind1=" " ind2=" " tag="300"><subfield code="a">v.</subfield></datafield><datafield ind1=" " ind2=" " tag="310"><subfield code="a">Weekly</subfield></datafield><datafield ind1="1" ind2=" " tag="362"><subfield code="a">Ceased in 1906?</subfield></datafield><datafield ind1=" " ind2=" " tag="588"><subfield code="a">Description based on: Vol. 21, no. 9 (Oct. 2, 1902).</subfield></datafield><datafield ind1=" " ind2=" " tag="752"><subfield code="a">United States</subfield><subfield code="b">Pennsylvania</subfield><subfield code="c">Erie</subfield><subfield code="d">Wattsburg.</subfield></datafield><datafield ind1="0" ind2="0" tag="780"><subfield code="t">Wattsburg [sentinel]</subfield><subfield code="w">(DLC)sn 88079578</subfield></datafield></record>